%YAML 1.1
%TAG !u! tag:unity3d.com,2011:
--- !u!29 &1
OcclusionCullingSettings:
  m_ObjectHideFlags: 0
  serializedVersion: 2
  m_OcclusionBakeSettings:
    smallestOccluder: 5
    smallestHole: 0.25
    backfaceThreshold: 100
  m_SceneGUID: 00000000000000000000000000000000
  m_OcclusionCullingData: {fileID: 0}
--- !u!104 &2
RenderSettings:
  m_ObjectHideFlags: 0
  serializedVersion: 8
  m_Fog: 0
  m_FogColor: {r: 0.5, g: 0.5, b: 0.5, a: 1}
  m_FogMode: 3
  m_FogDensity: 0.01
  m_LinearFogStart: 0
  m_LinearFogEnd: 300
  m_AmbientSkyColor: {r: 0.212, g: 0.227, b: 0.259, a: 1}
  m_AmbientEquatorColor: {r: 0.114, g: 0.125, b: 0.133, a: 1}
  m_AmbientGroundColor: {r: 0.047, g: 0.043, b: 0.035, a: 1}
  m_AmbientIntensity: 1
  m_AmbientMode: 0
  m_SubtractiveShadowColor: {r: 0.42, g: 0.478, b: 0.627, a: 1}
  m_SkyboxMaterial: {fileID: 10304, guid: 0000000000000000f000000000000000, type: 0}
  m_HaloStrength: 0.5
  m_FlareStrength: 1
  m_FlareFadeSpeed: 3
  m_HaloTexture: {fileID: 0}
  m_SpotCookie: {fileID: 10001, guid: 0000000000000000e000000000000000, type: 0}
  m_DefaultReflectionMode: 0
  m_DefaultReflectionResolution: 128
  m_ReflectionBounces: 1
  m_ReflectionIntensity: 1
  m_CustomReflection: {fileID: 0}
  m_Sun: {fileID: 0}
  m_IndirectSpecularColor: {r: 0, g: 0, b: 0, a: 1}
--- !u!157 &3
LightmapSettings:
  m_ObjectHideFlags: 0
  serializedVersion: 9
  m_GIWorkflowMode: 1
  m_GISettings:
    serializedVersion: 2
    m_BounceScale: 1
    m_IndirectOutputScale: 1
    m_AlbedoBoost: 1
    m_TemporalCoherenceThreshold: 1
    m_EnvironmentLightingMode: 0
    m_EnableBakedLightmaps: 1
    m_EnableRealtimeLightmaps: 1
  m_LightmapEditorSettings:
    serializedVersion: 8
    m_Resolution: 2
    m_BakeResolution: 40
    m_TextureWidth: 1024
    m_TextureHeight: 1024
    m_AO: 0
    m_AOMaxDistance: 1
    m_CompAOExponent: 1
    m_CompAOExponentDirect: 0
    m_Padding: 2
    m_LightmapParameters: {fileID: 0}
    m_LightmapsBakeMode: 1
    m_TextureCompression: 1
    m_FinalGather: 0
    m_FinalGatherFiltering: 1
    m_FinalGatherRayCount: 256
    m_ReflectionCompression: 2
    m_MixedBakeMode: 3
    m_BakeBackend: 0
    m_PVRSampling: 1
    m_PVRDirectSampleCount: 32
    m_PVRSampleCount: 500
    m_PVRBounces: 2
    m_PVRFiltering: 0
    m_PVRFilteringMode: 1
    m_PVRCulling: 1
    m_PVRFilteringGaussRadiusDirect: 1
    m_PVRFilteringGaussRadiusIndirect: 5
    m_PVRFilteringGaussRadiusAO: 2
    m_PVRFilteringAtrousColorSigma: 1
    m_PVRFilteringAtrousNormalSigma: 1
    m_PVRFilteringAtrousPositionSigma: 1
  m_LightingDataAsset: {fileID: 0}
  m_ShadowMaskMode: 2
--- !u!196 &4
NavMeshSettings:
  serializedVersion: 2
  m_ObjectHideFlags: 0
  m_BuildSettings:
    serializedVersion: 2
    agentTypeID: 0
    agentRadius: 0.5
    agentHeight: 2
    agentSlope: 45
    agentClimb: 0.4
    ledgeDropHeight: 0
    maxJumpAcrossDistance: 0
    minRegionArea: 2
    manualCellSize: 0
    cellSize: 0.16666667
    manualTileSize: 0
    tileSize: 256
    accuratePlacement: 0
  m_NavMeshData: {fileID: 0}
--- !u!1001 &113452688
Prefab:
  m_ObjectHideFlags: 0
  serializedVersion: 2
  m_Modification:
    m_TransformParent: {fileID: 1060154877}
    m_Modifications:
    - target: {fileID: 4993913389940390, guid: 599f20de6df5d8e4a83debe32a623666, type: 2}
      propertyPath: m_LocalPosition.x
      value: -250
      objectReference: {fileID: 0}
    - target: {fileID: 4993913389940390, guid: 599f20de6df5d8e4a83debe32a623666, type: 2}
      propertyPath: m_LocalPosition.y
      value: -42.5
      objectReference: {fileID: 0}
    - target: {fileID: 4993913389940390, guid: 599f20de6df5d8e4a83debe32a623666, type: 2}
      propertyPath: m_LocalPosition.z
      value: 0
      objectReference: {fileID: 0}
    - target: {fileID: 4993913389940390, guid: 599f20de6df5d8e4a83debe32a623666, type: 2}
      propertyPath: m_LocalRotation.x
      value: 0
      objectReference: {fileID: 0}
    - target: {fileID: 4993913389940390, guid: 599f20de6df5d8e4a83debe32a623666, type: 2}
      propertyPath: m_LocalRotation.y
      value: 0
      objectReference: {fileID: 0}
    - target: {fileID: 4993913389940390, guid: 599f20de6df5d8e4a83debe32a623666, type: 2}
      propertyPath: m_LocalRotation.z
      value: 0
      objectReference: {fileID: 0}
    - target: {fileID: 4993913389940390, guid: 599f20de6df5d8e4a83debe32a623666, type: 2}
      propertyPath: m_LocalRotation.w
      value: 1
      objectReference: {fileID: 0}
    - target: {fileID: 4993913389940390, guid: 599f20de6df5d8e4a83debe32a623666, type: 2}
      propertyPath: m_RootOrder
      value: 1
      objectReference: {fileID: 0}
    - target: {fileID: 4993913389940390, guid: 599f20de6df5d8e4a83debe32a623666, type: 2}
      propertyPath: m_LocalScale.x
      value: 500
      objectReference: {fileID: 0}
    - target: {fileID: 4993913389940390, guid: 599f20de6df5d8e4a83debe32a623666, type: 2}
      propertyPath: m_LocalScale.y
      value: 85
      objectReference: {fileID: 0}
    - target: {fileID: 4993913389940390, guid: 599f20de6df5d8e4a83debe32a623666, type: 2}
      propertyPath: m_LocalScale.z
      value: 5
      objectReference: {fileID: 0}
    m_RemovedComponents: []
  m_ParentPrefab: {fileID: 100100000, guid: 599f20de6df5d8e4a83debe32a623666, type: 2}
  m_IsPrefabParent: 0
--- !u!1001 &140291113
Prefab:
  m_ObjectHideFlags: 0
  serializedVersion: 2
  m_Modification:
    m_TransformParent: {fileID: 1060154881}
    m_Modifications:
    - target: {fileID: 4993913389940390, guid: 599f20de6df5d8e4a83debe32a623666, type: 2}
      propertyPath: m_LocalPosition.x
      value: -144
      objectReference: {fileID: 0}
    - target: {fileID: 4993913389940390, guid: 599f20de6df5d8e4a83debe32a623666, type: 2}
      propertyPath: m_LocalPosition.y
      value: -40
      objectReference: {fileID: 0}
    - target: {fileID: 4993913389940390, guid: 599f20de6df5d8e4a83debe32a623666, type: 2}
      propertyPath: m_LocalPosition.z
      value: 0
      objectReference: {fileID: 0}
    - target: {fileID: 4993913389940390, guid: 599f20de6df5d8e4a83debe32a623666, type: 2}
      propertyPath: m_LocalRotation.x
      value: 0
      objectReference: {fileID: 0}
    - target: {fileID: 4993913389940390, guid: 599f20de6df5d8e4a83debe32a623666, type: 2}
      propertyPath: m_LocalRotation.y
      value: 0
      objectReference: {fileID: 0}
    - target: {fileID: 4993913389940390, guid: 599f20de6df5d8e4a83debe32a623666, type: 2}
      propertyPath: m_LocalRotation.z
      value: 0
      objectReference: {fileID: 0}
    - target: {fileID: 4993913389940390, guid: 599f20de6df5d8e4a83debe32a623666, type: 2}
      propertyPath: m_LocalRotation.w
      value: 1
      objectReference: {fileID: 0}
    - target: {fileID: 4993913389940390, guid: 599f20de6df5d8e4a83debe32a623666, type: 2}
      propertyPath: m_RootOrder
      value: 1
      objectReference: {fileID: 0}
    - target: {fileID: 4993913389940390, guid: 599f20de6df5d8e4a83debe32a623666, type: 2}
      propertyPath: m_LocalScale.z
      value: 5
      objectReference: {fileID: 0}
    - target: {fileID: 4993913389940390, guid: 599f20de6df5d8e4a83debe32a623666, type: 2}
      propertyPath: m_LocalScale.x
      value: 288
      objectReference: {fileID: 0}
    - target: {fileID: 4993913389940390, guid: 599f20de6df5d8e4a83debe32a623666, type: 2}
      propertyPath: m_LocalScale.y
      value: 80
      objectReference: {fileID: 0}
    m_RemovedComponents: []
  m_ParentPrefab: {fileID: 100100000, guid: 599f20de6df5d8e4a83debe32a623666, type: 2}
  m_IsPrefabParent: 0
--- !u!1001 &187005740
Prefab:
  m_ObjectHideFlags: 0
  serializedVersion: 2
  m_Modification:
    m_TransformParent: {fileID: 1060154884}
    m_Modifications:
    - target: {fileID: 4993913389940390, guid: 599f20de6df5d8e4a83debe32a623666, type: 2}
      propertyPath: m_LocalPosition.x
      value: 299
      objectReference: {fileID: 0}
    - target: {fileID: 4993913389940390, guid: 599f20de6df5d8e4a83debe32a623666, type: 2}
      propertyPath: m_LocalPosition.y
      value: -42
      objectReference: {fileID: 0}
    - target: {fileID: 4993913389940390, guid: 599f20de6df5d8e4a83debe32a623666, type: 2}
      propertyPath: m_LocalPosition.z
      value: 0
      objectReference: {fileID: 0}
    - target: {fileID: 4993913389940390, guid: 599f20de6df5d8e4a83debe32a623666, type: 2}
      propertyPath: m_LocalRotation.x
      value: 0
      objectReference: {fileID: 0}
    - target: {fileID: 4993913389940390, guid: 599f20de6df5d8e4a83debe32a623666, type: 2}
      propertyPath: m_LocalRotation.y
      value: 0
      objectReference: {fileID: 0}
    - target: {fileID: 4993913389940390, guid: 599f20de6df5d8e4a83debe32a623666, type: 2}
      propertyPath: m_LocalRotation.z
      value: 0
      objectReference: {fileID: 0}
    - target: {fileID: 4993913389940390, guid: 599f20de6df5d8e4a83debe32a623666, type: 2}
      propertyPath: m_LocalRotation.w
      value: 1
      objectReference: {fileID: 0}
    - target: {fileID: 4993913389940390, guid: 599f20de6df5d8e4a83debe32a623666, type: 2}
      propertyPath: m_RootOrder
      value: 1
      objectReference: {fileID: 0}
    - target: {fileID: 4993913389940390, guid: 599f20de6df5d8e4a83debe32a623666, type: 2}
      propertyPath: m_LocalScale.x
      value: 598
      objectReference: {fileID: 0}
    - target: {fileID: 4993913389940390, guid: 599f20de6df5d8e4a83debe32a623666, type: 2}
      propertyPath: m_LocalScale.y
      value: 84
      objectReference: {fileID: 0}
    - target: {fileID: 4993913389940390, guid: 599f20de6df5d8e4a83debe32a623666, type: 2}
      propertyPath: m_LocalScale.z
      value: 6
      objectReference: {fileID: 0}
    m_RemovedComponents: []
  m_ParentPrefab: {fileID: 100100000, guid: 599f20de6df5d8e4a83debe32a623666, type: 2}
  m_IsPrefabParent: 0
--- !u!224 &736263591 stripped
RectTransform:
  m_PrefabParentObject: {fileID: 22443334, guid: c0978251ff7b10d4fb954a4b56acd9f0,
    type: 2}
  m_PrefabInternal: {fileID: 1060154876}
--- !u!1001 &874438419
Prefab:
  m_ObjectHideFlags: 0
  serializedVersion: 2
  m_Modification:
    m_TransformParent: {fileID: 1060154883}
    m_Modifications:
    - target: {fileID: 4993913389940390, guid: 599f20de6df5d8e4a83debe32a623666, type: 2}
      propertyPath: m_LocalPosition.x
      value: 32
      objectReference: {fileID: 0}
    - target: {fileID: 4993913389940390, guid: 599f20de6df5d8e4a83debe32a623666, type: 2}
      propertyPath: m_LocalPosition.y
      value: 0
      objectReference: {fileID: 0}
    - target: {fileID: 4993913389940390, guid: 599f20de6df5d8e4a83debe32a623666, type: 2}
      propertyPath: m_LocalPosition.z
      value: 0
      objectReference: {fileID: 0}
    - target: {fileID: 4993913389940390, guid: 599f20de6df5d8e4a83debe32a623666, type: 2}
      propertyPath: m_LocalRotation.x
      value: 0
      objectReference: {fileID: 0}
    - target: {fileID: 4993913389940390, guid: 599f20de6df5d8e4a83debe32a623666, type: 2}
      propertyPath: m_LocalRotation.y
      value: 0
      objectReference: {fileID: 0}
    - target: {fileID: 4993913389940390, guid: 599f20de6df5d8e4a83debe32a623666, type: 2}
      propertyPath: m_LocalRotation.z
      value: 0
      objectReference: {fileID: 0}
    - target: {fileID: 4993913389940390, guid: 599f20de6df5d8e4a83debe32a623666, type: 2}
      propertyPath: m_LocalRotation.w
      value: 1
      objectReference: {fileID: 0}
    - target: {fileID: 4993913389940390, guid: 599f20de6df5d8e4a83debe32a623666, type: 2}
      propertyPath: m_RootOrder
      value: 1
      objectReference: {fileID: 0}
    - target: {fileID: 4993913389940390, guid: 599f20de6df5d8e4a83debe32a623666, type: 2}
      propertyPath: m_LocalScale.x
      value: 64
      objectReference: {fileID: 0}
    - target: {fileID: 4993913389940390, guid: 599f20de6df5d8e4a83debe32a623666, type: 2}
      propertyPath: m_LocalScale.y
      value: 64
      objectReference: {fileID: 0}
    - target: {fileID: 4993913389940390, guid: 599f20de6df5d8e4a83debe32a623666, type: 2}
      propertyPath: m_LocalScale.z
      value: 5
      objectReference: {fileID: 0}
    m_RemovedComponents: []
  m_ParentPrefab: {fileID: 100100000, guid: 599f20de6df5d8e4a83debe32a623666, type: 2}
  m_IsPrefabParent: 0
--- !u!1 &929721893
GameObject:
  m_ObjectHideFlags: 0
  m_PrefabParentObject: {fileID: 0}
  m_PrefabInternal: {fileID: 0}
  serializedVersion: 5
  m_Component:
  - component: {fileID: 929721895}
  - component: {fileID: 929721894}
  m_Layer: 0
  m_Name: Directional Light
  m_TagString: Untagged
  m_Icon: {fileID: 0}
  m_NavMeshLayer: 0
  m_StaticEditorFlags: 0
  m_IsActive: 1
--- !u!108 &929721894
Light:
  m_ObjectHideFlags: 0
  m_PrefabParentObject: {fileID: 0}
  m_PrefabInternal: {fileID: 0}
  m_GameObject: {fileID: 929721893}
  m_Enabled: 1
  serializedVersion: 8
  m_Type: 1
  m_Color: {r: 1, g: 0.95686275, b: 0.8392157, a: 1}
  m_Intensity: 1
  m_Range: 10
  m_SpotAngle: 30
  m_CookieSize: 10
  m_Shadows:
    m_Type: 2
    m_Resolution: -1
    m_CustomResolution: -1
    m_Strength: 1
    m_Bias: 0.05
    m_NormalBias: 0.4
    m_NearPlane: 0.2
  m_Cookie: {fileID: 0}
  m_DrawHalo: 0
  m_Flare: {fileID: 0}
  m_RenderMode: 0
  m_CullingMask:
    serializedVersion: 2
    m_Bits: 4294967295
  m_Lightmapping: 4
  m_AreaSize: {x: 1, y: 1}
  m_BounceIntensity: 1
  m_ColorTemperature: 6570
  m_UseColorTemperature: 0
  m_ShadowRadius: 0
  m_ShadowAngle: 0
--- !u!4 &929721895
Transform:
  m_ObjectHideFlags: 0
  m_PrefabParentObject: {fileID: 0}
  m_PrefabInternal: {fileID: 0}
  m_GameObject: {fileID: 929721893}
  m_LocalRotation: {x: 0.40821788, y: -0.23456968, z: 0.10938163, w: 0.8754261}
  m_LocalPosition: {x: 0, y: 3, z: 0}
  m_LocalScale: {x: 1, y: 1, z: 1}
  m_Children: []
  m_Father: {fileID: 0}
  m_RootOrder: 0
  m_LocalEulerAnglesHint: {x: 50, y: -30, z: 0}
--- !u!1001 &1060154876
Prefab:
  m_ObjectHideFlags: 0
  serializedVersion: 2
  m_Modification:
    m_TransformParent: {fileID: 0}
    m_Modifications:
    - target: {fileID: 11475086, guid: c0978251ff7b10d4fb954a4b56acd9f0, type: 2}
      propertyPath: m_SpawnPrefabs.Array.size
      value: 2
      objectReference: {fileID: 0}
    - target: {fileID: 11484364, guid: c0978251ff7b10d4fb954a4b56acd9f0, type: 2}
      propertyPath: m_OnValueChanged.m_PersistentCalls.m_Calls.Array.size
      value: 1
      objectReference: {fileID: 0}
    - target: {fileID: 22459552, guid: c0978251ff7b10d4fb954a4b56acd9f0, type: 2}
      propertyPath: m_LocalPosition.x
      value: 0
      objectReference: {fileID: 0}
    - target: {fileID: 22459552, guid: c0978251ff7b10d4fb954a4b56acd9f0, type: 2}
      propertyPath: m_LocalPosition.y
      value: 0
      objectReference: {fileID: 0}
    - target: {fileID: 22459552, guid: c0978251ff7b10d4fb954a4b56acd9f0, type: 2}
      propertyPath: m_LocalPosition.z
      value: 100
      objectReference: {fileID: 0}
    - target: {fileID: 22459552, guid: c0978251ff7b10d4fb954a4b56acd9f0, type: 2}
      propertyPath: m_LocalRotation.x
      value: 0
      objectReference: {fileID: 0}
    - target: {fileID: 22459552, guid: c0978251ff7b10d4fb954a4b56acd9f0, type: 2}
      propertyPath: m_LocalRotation.y
      value: 0
      objectReference: {fileID: 0}
    - target: {fileID: 22459552, guid: c0978251ff7b10d4fb954a4b56acd9f0, type: 2}
      propertyPath: m_LocalRotation.z
      value: 0
      objectReference: {fileID: 0}
    - target: {fileID: 22459552, guid: c0978251ff7b10d4fb954a4b56acd9f0, type: 2}
      propertyPath: m_LocalRotation.w
      value: 1
      objectReference: {fileID: 0}
    - target: {fileID: 22459552, guid: c0978251ff7b10d4fb954a4b56acd9f0, type: 2}
      propertyPath: m_RootOrder
      value: 3
      objectReference: {fileID: 0}
    - target: {fileID: 22459552, guid: c0978251ff7b10d4fb954a4b56acd9f0, type: 2}
      propertyPath: m_AnchoredPosition.x
      value: 0
      objectReference: {fileID: 0}
    - target: {fileID: 22459552, guid: c0978251ff7b10d4fb954a4b56acd9f0, type: 2}
      propertyPath: m_AnchoredPosition.y
      value: 0
      objectReference: {fileID: 0}
    - target: {fileID: 22459552, guid: c0978251ff7b10d4fb954a4b56acd9f0, type: 2}
      propertyPath: m_SizeDelta.x
      value: 1943.3229
      objectReference: {fileID: 0}
    - target: {fileID: 22459552, guid: c0978251ff7b10d4fb954a4b56acd9f0, type: 2}
      propertyPath: m_SizeDelta.y
      value: 1080
      objectReference: {fileID: 0}
    - target: {fileID: 22459552, guid: c0978251ff7b10d4fb954a4b56acd9f0, type: 2}
      propertyPath: m_AnchorMin.x
      value: 0
      objectReference: {fileID: 0}
    - target: {fileID: 22459552, guid: c0978251ff7b10d4fb954a4b56acd9f0, type: 2}
      propertyPath: m_AnchorMin.y
      value: 0
      objectReference: {fileID: 0}
    - target: {fileID: 22459552, guid: c0978251ff7b10d4fb954a4b56acd9f0, type: 2}
      propertyPath: m_AnchorMax.x
      value: 0
      objectReference: {fileID: 0}
    - target: {fileID: 22459552, guid: c0978251ff7b10d4fb954a4b56acd9f0, type: 2}
      propertyPath: m_AnchorMax.y
      value: 0
      objectReference: {fileID: 0}
    - target: {fileID: 22459552, guid: c0978251ff7b10d4fb954a4b56acd9f0, type: 2}
      propertyPath: m_Pivot.x
      value: 0.5
      objectReference: {fileID: 0}
    - target: {fileID: 22459552, guid: c0978251ff7b10d4fb954a4b56acd9f0, type: 2}
      propertyPath: m_Pivot.y
      value: 0.5
      objectReference: {fileID: 0}
    - target: {fileID: 22466426, guid: c0978251ff7b10d4fb954a4b56acd9f0, type: 2}
      propertyPath: m_AnchoredPosition.x
      value: 0
      objectReference: {fileID: 0}
    - target: {fileID: 22403912, guid: c0978251ff7b10d4fb954a4b56acd9f0, type: 2}
      propertyPath: m_AnchoredPosition.x
      value: -960
      objectReference: {fileID: 0}
    - target: {fileID: 11465630, guid: c0978251ff7b10d4fb954a4b56acd9f0, type: 2}
      propertyPath: m_Text
      value: 127.0.0.1
      objectReference: {fileID: 0}
    - target: {fileID: 22424006, guid: c0978251ff7b10d4fb954a4b56acd9f0, type: 2}
      propertyPath: m_AnchoredPosition.x
      value: 0
      objectReference: {fileID: 0}
    - target: {fileID: 11475086, guid: c0978251ff7b10d4fb954a4b56acd9f0, type: 2}
      propertyPath: m_OfflineScene
      value: MenuLobby
      objectReference: {fileID: 0}
    - target: {fileID: 11475086, guid: c0978251ff7b10d4fb954a4b56acd9f0, type: 2}
      propertyPath: m_LobbyScene
      value: MenuLobby
      objectReference: {fileID: 0}
    - target: {fileID: 11475086, guid: c0978251ff7b10d4fb954a4b56acd9f0, type: 2}
      propertyPath: m_PlayScene
      value: GameWorld
      objectReference: {fileID: 0}
    - target: {fileID: 11475086, guid: c0978251ff7b10d4fb954a4b56acd9f0, type: 2}
      propertyPath: m_UseSimulator
      value: 0
      objectReference: {fileID: 0}
    - target: {fileID: 11475086, guid: c0978251ff7b10d4fb954a4b56acd9f0, type: 2}
      propertyPath: m_CustomConfig
      value: 0
      objectReference: {fileID: 0}
    - target: {fileID: 11475086, guid: c0978251ff7b10d4fb954a4b56acd9f0, type: 2}
      propertyPath: m_SpawnPrefabs.Array.data[0]
      value: 
      objectReference: {fileID: 1826921683024778, guid: dd6d94b732daa1c4b9434bc863987475,
        type: 2}
    - target: {fileID: 11475086, guid: c0978251ff7b10d4fb954a4b56acd9f0, type: 2}
      propertyPath: m_GamePlayerPrefab
      value: 
      objectReference: {fileID: 1310986831646828, guid: c28c312ba261cdc4aacee2405aa99537,
        type: 2}
    - target: {fileID: 11475086, guid: c0978251ff7b10d4fb954a4b56acd9f0, type: 2}
      propertyPath: m_MinPlayers
      value: 1
      objectReference: {fileID: 0}
    - target: {fileID: 11475086, guid: c0978251ff7b10d4fb954a4b56acd9f0, type: 2}
      propertyPath: m_MaxPlayersPerConnection
      value: 1
      objectReference: {fileID: 0}
    - target: {fileID: 11475086, guid: c0978251ff7b10d4fb954a4b56acd9f0, type: 2}
      propertyPath: m_MaxPlayers
      value: 8
      objectReference: {fileID: 0}
    - target: {fileID: 11484364, guid: c0978251ff7b10d4fb954a4b56acd9f0, type: 2}
      propertyPath: m_OnValueChanged.m_PersistentCalls.m_Calls.Array.data[0].m_Mode
      value: 1
      objectReference: {fileID: 0}
    - target: {fileID: 11484364, guid: c0978251ff7b10d4fb954a4b56acd9f0, type: 2}
      propertyPath: m_OnValueChanged.m_PersistentCalls.m_Calls.Array.data[0].m_CallState
      value: 2
      objectReference: {fileID: 0}
    - target: {fileID: 11484364, guid: c0978251ff7b10d4fb954a4b56acd9f0, type: 2}
      propertyPath: m_ReadOnly
      value: 0
      objectReference: {fileID: 0}
    - target: {fileID: 22312876, guid: c0978251ff7b10d4fb954a4b56acd9f0, type: 2}
      propertyPath: m_RenderMode
      value: 2
      objectReference: {fileID: 0}
    - target: {fileID: 22459552, guid: c0978251ff7b10d4fb954a4b56acd9f0, type: 2}
      propertyPath: m_LocalScale.x
      value: 0.1
      objectReference: {fileID: 0}
    - target: {fileID: 22459552, guid: c0978251ff7b10d4fb954a4b56acd9f0, type: 2}
      propertyPath: m_LocalScale.y
      value: 0.1
      objectReference: {fileID: 0}
    - target: {fileID: 22459552, guid: c0978251ff7b10d4fb954a4b56acd9f0, type: 2}
      propertyPath: m_LocalScale.z
      value: 0.59074074
      objectReference: {fileID: 0}
    - target: {fileID: 11447752, guid: c0978251ff7b10d4fb954a4b56acd9f0, type: 2}
      propertyPath: m_ContentType
      value: 0
      objectReference: {fileID: 0}
    - target: {fileID: 11447752, guid: c0978251ff7b10d4fb954a4b56acd9f0, type: 2}
      propertyPath: m_CharacterValidation
      value: 0
      objectReference: {fileID: 0}
    - target: {fileID: 11447752, guid: c0978251ff7b10d4fb954a4b56acd9f0, type: 2}
      propertyPath: m_KeyboardType
      value: 0
      objectReference: {fileID: 0}
    - target: {fileID: 11484364, guid: c0978251ff7b10d4fb954a4b56acd9f0, type: 2}
      propertyPath: m_ContentType
      value: 0
      objectReference: {fileID: 0}
    - target: {fileID: 11484364, guid: c0978251ff7b10d4fb954a4b56acd9f0, type: 2}
      propertyPath: m_CharacterValidation
      value: 0
      objectReference: {fileID: 0}
    - target: {fileID: 178410, guid: c0978251ff7b10d4fb954a4b56acd9f0, type: 2}
      propertyPath: m_IsActive
      value: 0
      objectReference: {fileID: 0}
    - target: {fileID: 22401550, guid: c0978251ff7b10d4fb954a4b56acd9f0, type: 2}
      propertyPath: m_SizeDelta.y
      value: 100
      objectReference: {fileID: 0}
    - target: {fileID: 22432700, guid: c0978251ff7b10d4fb954a4b56acd9f0, type: 2}
      propertyPath: m_AnchoredPosition.y
      value: -50
      objectReference: {fileID: 0}
    - target: {fileID: 22432700, guid: c0978251ff7b10d4fb954a4b56acd9f0, type: 2}
      propertyPath: m_SizeDelta.y
      value: 100
      objectReference: {fileID: 0}
    - target: {fileID: 22432700, guid: c0978251ff7b10d4fb954a4b56acd9f0, type: 2}
      propertyPath: m_AnchorMin.y
      value: 1
      objectReference: {fileID: 0}
    - target: {fileID: 22432700, guid: c0978251ff7b10d4fb954a4b56acd9f0, type: 2}
      propertyPath: m_AnchorMax.y
      value: 1
      objectReference: {fileID: 0}
    - target: {fileID: 22432700, guid: c0978251ff7b10d4fb954a4b56acd9f0, type: 2}
      propertyPath: m_AnchoredPosition.x
      value: 1141.1316
      objectReference: {fileID: 0}
    - target: {fileID: 22432700, guid: c0978251ff7b10d4fb954a4b56acd9f0, type: 2}
      propertyPath: m_SizeDelta.x
      value: 2282.2632
      objectReference: {fileID: 0}
    - target: {fileID: 22495014, guid: c0978251ff7b10d4fb954a4b56acd9f0, type: 2}
      propertyPath: m_AnchorMax.x
      value: 1
      objectReference: {fileID: 0}
    - target: {fileID: 22495014, guid: c0978251ff7b10d4fb954a4b56acd9f0, type: 2}
      propertyPath: m_AnchorMax.y
      value: 1
      objectReference: {fileID: 0}
    - target: {fileID: 140634, guid: c0978251ff7b10d4fb954a4b56acd9f0, type: 2}
      propertyPath: m_IsActive
      value: 0
      objectReference: {fileID: 0}
    - target: {fileID: 160802, guid: c0978251ff7b10d4fb954a4b56acd9f0, type: 2}
      propertyPath: m_IsActive
      value: 0
      objectReference: {fileID: 0}
    - target: {fileID: 120900, guid: c0978251ff7b10d4fb954a4b56acd9f0, type: 2}
      propertyPath: m_IsActive
      value: 0
      objectReference: {fileID: 0}
    - target: {fileID: 22464820, guid: c0978251ff7b10d4fb954a4b56acd9f0, type: 2}
      propertyPath: m_RootOrder
      value: 4
      objectReference: {fileID: 0}
    - target: {fileID: 22468472, guid: c0978251ff7b10d4fb954a4b56acd9f0, type: 2}
      propertyPath: m_RootOrder
      value: 6
      objectReference: {fileID: 0}
    - target: {fileID: 22475366, guid: c0978251ff7b10d4fb954a4b56acd9f0, type: 2}
      propertyPath: m_RootOrder
      value: 2
      objectReference: {fileID: 0}
    - target: {fileID: 22466426, guid: c0978251ff7b10d4fb954a4b56acd9f0, type: 2}
      propertyPath: m_RootOrder
      value: 3
      objectReference: {fileID: 0}
    - target: {fileID: 22409996, guid: c0978251ff7b10d4fb954a4b56acd9f0, type: 2}
      propertyPath: m_RootOrder
      value: 7
      objectReference: {fileID: 0}
    - target: {fileID: 22418156, guid: c0978251ff7b10d4fb954a4b56acd9f0, type: 2}
      propertyPath: m_RootOrder
      value: 5
      objectReference: {fileID: 0}
    - target: {fileID: 148054, guid: c0978251ff7b10d4fb954a4b56acd9f0, type: 2}
      propertyPath: m_IsActive
      value: 1
      objectReference: {fileID: 0}
    - target: {fileID: 127378, guid: c0978251ff7b10d4fb954a4b56acd9f0, type: 2}
      propertyPath: m_IsActive
      value: 1
      objectReference: {fileID: 0}
    - target: {fileID: 198946, guid: c0978251ff7b10d4fb954a4b56acd9f0, type: 2}
      propertyPath: m_IsActive
      value: 0
      objectReference: {fileID: 0}
    - target: {fileID: 199766, guid: c0978251ff7b10d4fb954a4b56acd9f0, type: 2}
      propertyPath: m_IsActive
      value: 0
      objectReference: {fileID: 0}
    - target: {fileID: 22312876, guid: c0978251ff7b10d4fb954a4b56acd9f0, type: 2}
      propertyPath: m_Camera
      value: 
      objectReference: {fileID: 1227941484}
    - target: {fileID: 22312876, guid: c0978251ff7b10d4fb954a4b56acd9f0, type: 2}
      propertyPath: m_PixelPerfect
      value: 1
      objectReference: {fileID: 0}
    - target: {fileID: 22403944, guid: c0978251ff7b10d4fb954a4b56acd9f0, type: 2}
      propertyPath: m_AnchorMin.y
      value: 1
      objectReference: {fileID: 0}
    - target: {fileID: 22403944, guid: c0978251ff7b10d4fb954a4b56acd9f0, type: 2}
      propertyPath: m_AnchorMax.x
      value: 0
      objectReference: {fileID: 0}
    - target: {fileID: 22403944, guid: c0978251ff7b10d4fb954a4b56acd9f0, type: 2}
      propertyPath: m_AnchorMax.y
      value: 1
      objectReference: {fileID: 0}
    - target: {fileID: 22403944, guid: c0978251ff7b10d4fb954a4b56acd9f0, type: 2}
      propertyPath: m_AnchoredPosition.y
      value: -5
      objectReference: {fileID: 0}
    - target: {fileID: 22403944, guid: c0978251ff7b10d4fb954a4b56acd9f0, type: 2}
      propertyPath: m_SizeDelta.x
      value: 790
      objectReference: {fileID: 0}
    - target: {fileID: 22403944, guid: c0978251ff7b10d4fb954a4b56acd9f0, type: 2}
      propertyPath: m_SizeDelta.y
      value: 46
      objectReference: {fileID: 0}
    - target: {fileID: 22468472, guid: c0978251ff7b10d4fb954a4b56acd9f0, type: 2}
      propertyPath: m_AnchorMax.x
      value: 0
      objectReference: {fileID: 0}
    - target: {fileID: 22468472, guid: c0978251ff7b10d4fb954a4b56acd9f0, type: 2}
      propertyPath: m_SizeDelta.x
      value: 809.5
      objectReference: {fileID: 0}
    - target: {fileID: 181906, guid: c0978251ff7b10d4fb954a4b56acd9f0, type: 2}
      propertyPath: m_Name
      value: BallsOfSteelLobby
      objectReference: {fileID: 0}
    - target: {fileID: 11402578, guid: c0978251ff7b10d4fb954a4b56acd9f0, type: 2}
      propertyPath: m_Text
      value: 'BALLS OF STEEL LOBBY

'
      objectReference: {fileID: 0}
    - target: {fileID: 11447690, guid: c0978251ff7b10d4fb954a4b56acd9f0, type: 2}
      propertyPath: m_Color.r
      value: 0
      objectReference: {fileID: 0}
    - target: {fileID: 11447690, guid: c0978251ff7b10d4fb954a4b56acd9f0, type: 2}
      propertyPath: m_Color.g
      value: 0.47619057
      objectReference: {fileID: 0}
    - target: {fileID: 11447690, guid: c0978251ff7b10d4fb954a4b56acd9f0, type: 2}
      propertyPath: m_Color.b
      value: 1
      objectReference: {fileID: 0}
    - target: {fileID: 11475086, guid: c0978251ff7b10d4fb954a4b56acd9f0, type: 2}
      propertyPath: m_DontDestroyOnLoad
      value: 0
      objectReference: {fileID: 0}
    m_RemovedComponents: []
  m_ParentPrefab: {fileID: 100100000, guid: c0978251ff7b10d4fb954a4b56acd9f0, type: 2}
  m_IsPrefabParent: 0
--- !u!224 &1060154877 stripped
RectTransform:
  m_PrefabParentObject: {fileID: 22464820, guid: c0978251ff7b10d4fb954a4b56acd9f0,
    type: 2}
  m_PrefabInternal: {fileID: 1060154876}
--- !u!224 &1060154878 stripped
RectTransform:
  m_PrefabParentObject: {fileID: 22455308, guid: c0978251ff7b10d4fb954a4b56acd9f0,
    type: 2}
  m_PrefabInternal: {fileID: 1060154876}
--- !u!224 &1060154879 stripped
RectTransform:
  m_PrefabParentObject: {fileID: 22409996, guid: c0978251ff7b10d4fb954a4b56acd9f0,
    type: 2}
  m_PrefabInternal: {fileID: 1060154876}
--- !u!224 &1060154880 stripped
RectTransform:
  m_PrefabParentObject: {fileID: 22475366, guid: c0978251ff7b10d4fb954a4b56acd9f0,
    type: 2}
  m_PrefabInternal: {fileID: 1060154876}
--- !u!224 &1060154881 stripped
RectTransform:
  m_PrefabParentObject: {fileID: 22499350, guid: c0978251ff7b10d4fb954a4b56acd9f0,
    type: 2}
  m_PrefabInternal: {fileID: 1060154876}
--- !u!224 &1060154882 stripped
RectTransform:
  m_PrefabParentObject: {fileID: 22452086, guid: c0978251ff7b10d4fb954a4b56acd9f0,
    type: 2}
  m_PrefabInternal: {fileID: 1060154876}
--- !u!224 &1060154883 stripped
RectTransform:
  m_PrefabParentObject: {fileID: 22459014, guid: c0978251ff7b10d4fb954a4b56acd9f0,
    type: 2}
  m_PrefabInternal: {fileID: 1060154876}
--- !u!224 &1060154884 stripped
RectTransform:
  m_PrefabParentObject: {fileID: 22400892, guid: c0978251ff7b10d4fb954a4b56acd9f0,
    type: 2}
  m_PrefabInternal: {fileID: 1060154876}
--- !u!1001 &1227941483
Prefab:
  m_ObjectHideFlags: 0
  serializedVersion: 2
  m_Modification:
    m_TransformParent: {fileID: 0}
    m_Modifications:
    - target: {fileID: 4496402590187470, guid: 6fc2363c91676054f9867110daf73ba8, type: 2}
      propertyPath: m_LocalPosition.x
      value: 0
      objectReference: {fileID: 0}
    - target: {fileID: 4496402590187470, guid: 6fc2363c91676054f9867110daf73ba8, type: 2}
      propertyPath: m_LocalPosition.y
      value: 0
      objectReference: {fileID: 0}
    - target: {fileID: 4496402590187470, guid: 6fc2363c91676054f9867110daf73ba8, type: 2}
      propertyPath: m_LocalPosition.z
      value: 0
      objectReference: {fileID: 0}
    - target: {fileID: 4496402590187470, guid: 6fc2363c91676054f9867110daf73ba8, type: 2}
      propertyPath: m_LocalRotation.x
      value: 0
      objectReference: {fileID: 0}
    - target: {fileID: 4496402590187470, guid: 6fc2363c91676054f9867110daf73ba8, type: 2}
      propertyPath: m_LocalRotation.y
      value: 0
      objectReference: {fileID: 0}
    - target: {fileID: 4496402590187470, guid: 6fc2363c91676054f9867110daf73ba8, type: 2}
      propertyPath: m_LocalRotation.z
      value: 0
      objectReference: {fileID: 0}
    - target: {fileID: 4496402590187470, guid: 6fc2363c91676054f9867110daf73ba8, type: 2}
      propertyPath: m_LocalRotation.w
      value: 1
      objectReference: {fileID: 0}
    - target: {fileID: 4496402590187470, guid: 6fc2363c91676054f9867110daf73ba8, type: 2}
      propertyPath: m_RootOrder
      value: 1
      objectReference: {fileID: 0}
    - target: {fileID: 114985869982006798, guid: 6fc2363c91676054f9867110daf73ba8,
        type: 2}
      propertyPath: thickness
      value: 0.05
      objectReference: {fileID: 0}
    - target: {fileID: 114433399184111522, guid: 6fc2363c91676054f9867110daf73ba8,
        type: 2}
      propertyPath: thickness
      value: 0.05
      objectReference: {fileID: 0}
    - target: {fileID: 4063297290229882, guid: 6fc2363c91676054f9867110daf73ba8, type: 2}
      propertyPath: m_RootOrder
      value: 1
      objectReference: {fileID: 0}
    - target: {fileID: 4809664244525888, guid: 6fc2363c91676054f9867110daf73ba8, type: 2}
      propertyPath: m_RootOrder
      value: 2
      objectReference: {fileID: 0}
    - target: {fileID: 4649092844244118, guid: 6fc2363c91676054f9867110daf73ba8, type: 2}
      propertyPath: m_RootOrder
      value: 0
      objectReference: {fileID: 0}
    m_RemovedComponents: []
  m_ParentPrefab: {fileID: 100100000, guid: 6fc2363c91676054f9867110daf73ba8, type: 2}
  m_IsPrefabParent: 0
--- !u!20 &1227941484 stripped
Camera:
  m_PrefabParentObject: {fileID: 20481814586595626, guid: 6fc2363c91676054f9867110daf73ba8,
    type: 2}
  m_PrefabInternal: {fileID: 1227941483}
--- !u!224 &1327249071 stripped
RectTransform:
  m_PrefabParentObject: {fileID: 22477934, guid: c0978251ff7b10d4fb954a4b56acd9f0,
    type: 2}
  m_PrefabInternal: {fileID: 1060154876}
--- !u!1001 &1343476995
Prefab:
  m_ObjectHideFlags: 0
  serializedVersion: 2
  m_Modification:
    m_TransformParent: {fileID: 1060154880}
    m_Modifications:
    - target: {fileID: 4993913389940390, guid: 599f20de6df5d8e4a83debe32a623666, type: 2}
      propertyPath: m_LocalPosition.x
      value: 250
      objectReference: {fileID: 0}
    - target: {fileID: 4993913389940390, guid: 599f20de6df5d8e4a83debe32a623666, type: 2}
      propertyPath: m_LocalPosition.y
      value: -42.5
      objectReference: {fileID: 0}
    - target: {fileID: 4993913389940390, guid: 599f20de6df5d8e4a83debe32a623666, type: 2}
      propertyPath: m_LocalPosition.z
      value: 0
      objectReference: {fileID: 0}
    - target: {fileID: 4993913389940390, guid: 599f20de6df5d8e4a83debe32a623666, type: 2}
      propertyPath: m_LocalRotation.x
      value: -0
      objectReference: {fileID: 0}
    - target: {fileID: 4993913389940390, guid: 599f20de6df5d8e4a83debe32a623666, type: 2}
      propertyPath: m_LocalRotation.y
      value: -0
      objectReference: {fileID: 0}
    - target: {fileID: 4993913389940390, guid: 599f20de6df5d8e4a83debe32a623666, type: 2}
      propertyPath: m_LocalRotation.z
      value: -0
      objectReference: {fileID: 0}
    - target: {fileID: 4993913389940390, guid: 599f20de6df5d8e4a83debe32a623666, type: 2}
      propertyPath: m_LocalRotation.w
      value: 1
      objectReference: {fileID: 0}
    - target: {fileID: 4993913389940390, guid: 599f20de6df5d8e4a83debe32a623666, type: 2}
      propertyPath: m_RootOrder
      value: 1
      objectReference: {fileID: 0}
    - target: {fileID: 4993913389940390, guid: 599f20de6df5d8e4a83debe32a623666, type: 2}
      propertyPath: m_LocalScale.x
      value: 500
      objectReference: {fileID: 0}
    - target: {fileID: 4993913389940390, guid: 599f20de6df5d8e4a83debe32a623666, type: 2}
      propertyPath: m_LocalScale.y
      value: 85
      objectReference: {fileID: 0}
    - target: {fileID: 4993913389940390, guid: 599f20de6df5d8e4a83debe32a623666, type: 2}
      propertyPath: m_LocalScale.z
      value: 5
      objectReference: {fileID: 0}
    m_RemovedComponents: []
  m_ParentPrefab: {fileID: 100100000, guid: 599f20de6df5d8e4a83debe32a623666, type: 2}
  m_IsPrefabParent: 0
--- !u!1 &1498026029
GameObject:
  m_ObjectHideFlags: 0
  m_PrefabParentObject: {fileID: 0}
  m_PrefabInternal: {fileID: 0}
  serializedVersion: 5
  m_Component:
  - component: {fileID: 1498026032}
  - component: {fileID: 1498026031}
  - component: {fileID: 1498026030}
  m_Layer: 0
  m_Name: EventSystem
  m_TagString: Untagged
  m_Icon: {fileID: 0}
  m_NavMeshLayer: 0
  m_StaticEditorFlags: 0
  m_IsActive: 1
--- !u!114 &1498026030
MonoBehaviour:
  m_ObjectHideFlags: 0
  m_PrefabParentObject: {fileID: 0}
  m_PrefabInternal: {fileID: 0}
  m_GameObject: {fileID: 1498026029}
  m_Enabled: 1
  m_EditorHideFlags: 0
  m_Script: {fileID: 1077351063, guid: f70555f144d8491a825f0804e09c671c, type: 3}
  m_Name: 
  m_EditorClassIdentifier: 
  m_HorizontalAxis: Horizontal
  m_VerticalAxis: Vertical
  m_SubmitButton: Submit
  m_CancelButton: Cancel
  m_InputActionsPerSecond: 10
  m_RepeatDelay: 0.5
  m_ForceModuleActive: 0
--- !u!114 &1498026031
MonoBehaviour:
  m_ObjectHideFlags: 0
  m_PrefabParentObject: {fileID: 0}
  m_PrefabInternal: {fileID: 0}
  m_GameObject: {fileID: 1498026029}
  m_Enabled: 1
  m_EditorHideFlags: 0
  m_Script: {fileID: -619905303, guid: f70555f144d8491a825f0804e09c671c, type: 3}
  m_Name: 
  m_EditorClassIdentifier: 
  m_FirstSelected: {fileID: 0}
  m_sendNavigationEvents: 1
  m_DragThreshold: 5
--- !u!4 &1498026032
Transform:
  m_ObjectHideFlags: 0
  m_PrefabParentObject: {fileID: 0}
  m_PrefabInternal: {fileID: 0}
  m_GameObject: {fileID: 1498026029}
  m_LocalRotation: {x: -0, y: -0, z: -0, w: 1}
  m_LocalPosition: {x: 0, y: 0, z: 0}
  m_LocalScale: {x: 1, y: 1, z: 1}
  m_Children: []
  m_Father: {fileID: 0}
  m_RootOrder: 2
  m_LocalEulerAnglesHint: {x: 0, y: 0, z: 0}
--- !u!1001 &1621848485
Prefab:
  m_ObjectHideFlags: 0
  serializedVersion: 2
  m_Modification:
    m_TransformParent: {fileID: 1060154878}
    m_Modifications:
    - target: {fileID: 4993913389940390, guid: 599f20de6df5d8e4a83debe32a623666, type: 2}
      propertyPath: m_LocalPosition.x
      value: 855
      objectReference: {fileID: 0}
    - target: {fileID: 4993913389940390, guid: 599f20de6df5d8e4a83debe32a623666, type: 2}
      propertyPath: m_LocalPosition.y
      value: -42.5
      objectReference: {fileID: 0}
    - target: {fileID: 4993913389940390, guid: 599f20de6df5d8e4a83debe32a623666, type: 2}
      propertyPath: m_LocalPosition.z
      value: 0
      objectReference: {fileID: 0}
    - target: {fileID: 4993913389940390, guid: 599f20de6df5d8e4a83debe32a623666, type: 2}
      propertyPath: m_LocalRotation.x
      value: 0
      objectReference: {fileID: 0}
    - target: {fileID: 4993913389940390, guid: 599f20de6df5d8e4a83debe32a623666, type: 2}
      propertyPath: m_LocalRotation.y
      value: 0
      objectReference: {fileID: 0}
    - target: {fileID: 4993913389940390, guid: 599f20de6df5d8e4a83debe32a623666, type: 2}
      propertyPath: m_LocalRotation.z
      value: 0
      objectReference: {fileID: 0}
    - target: {fileID: 4993913389940390, guid: 599f20de6df5d8e4a83debe32a623666, type: 2}
      propertyPath: m_LocalRotation.w
      value: 1
      objectReference: {fileID: 0}
    - target: {fileID: 4993913389940390, guid: 599f20de6df5d8e4a83debe32a623666, type: 2}
      propertyPath: m_RootOrder
      value: 1
      objectReference: {fileID: 0}
    - target: {fileID: 4993913389940390, guid: 599f20de6df5d8e4a83debe32a623666, type: 2}
      propertyPath: m_LocalScale.x
      value: 1710
      objectReference: {fileID: 0}
    - target: {fileID: 4993913389940390, guid: 599f20de6df5d8e4a83debe32a623666, type: 2}
      propertyPath: m_LocalScale.y
      value: 85
      objectReference: {fileID: 0}
    - target: {fileID: 4993913389940390, guid: 599f20de6df5d8e4a83debe32a623666, type: 2}
      propertyPath: m_LocalScale.z
      value: 5
      objectReference: {fileID: 0}
    m_RemovedComponents: []
  m_ParentPrefab: {fileID: 100100000, guid: 599f20de6df5d8e4a83debe32a623666, type: 2}
  m_IsPrefabParent: 0
--- !u!1001 &1688103957
Prefab:
  m_ObjectHideFlags: 0
  serializedVersion: 2
  m_Modification:
    m_TransformParent: {fileID: 1934840611}
    m_Modifications:
    - target: {fileID: 4993913389940390, guid: 599f20de6df5d8e4a83debe32a623666, type: 2}
      propertyPath: m_LocalPosition.x
      value: 88
      objectReference: {fileID: 0}
    - target: {fileID: 4993913389940390, guid: 599f20de6df5d8e4a83debe32a623666, type: 2}
      propertyPath: m_LocalPosition.y
      value: 0
      objectReference: {fileID: 0}
    - target: {fileID: 4993913389940390, guid: 599f20de6df5d8e4a83debe32a623666, type: 2}
      propertyPath: m_LocalPosition.z
      value: 0
      objectReference: {fileID: 0}
    - target: {fileID: 4993913389940390, guid: 599f20de6df5d8e4a83debe32a623666, type: 2}
      propertyPath: m_LocalRotation.x
      value: 0
      objectReference: {fileID: 0}
    - target: {fileID: 4993913389940390, guid: 599f20de6df5d8e4a83debe32a623666, type: 2}
      propertyPath: m_LocalRotation.y
      value: 0
      objectReference: {fileID: 0}
    - target: {fileID: 4993913389940390, guid: 599f20de6df5d8e4a83debe32a623666, type: 2}
      propertyPath: m_LocalRotation.z
      value: 0
      objectReference: {fileID: 0}
    - target: {fileID: 4993913389940390, guid: 599f20de6df5d8e4a83debe32a623666, type: 2}
      propertyPath: m_LocalRotation.w
      value: 1
      objectReference: {fileID: 0}
    - target: {fileID: 4993913389940390, guid: 599f20de6df5d8e4a83debe32a623666, type: 2}
      propertyPath: m_RootOrder
      value: 1
      objectReference: {fileID: 0}
    - target: {fileID: 4993913389940390, guid: 599f20de6df5d8e4a83debe32a623666, type: 2}
      propertyPath: m_LocalScale.x
      value: 176
      objectReference: {fileID: 0}
    - target: {fileID: 4993913389940390, guid: 599f20de6df5d8e4a83debe32a623666, type: 2}
      propertyPath: m_LocalScale.y
      value: 52
      objectReference: {fileID: 0}
    - target: {fileID: 4993913389940390, guid: 599f20de6df5d8e4a83debe32a623666, type: 2}
      propertyPath: m_LocalScale.z
      value: 5
      objectReference: {fileID: 0}
    m_RemovedComponents: []
  m_ParentPrefab: {fileID: 100100000, guid: 599f20de6df5d8e4a83debe32a623666, type: 2}
  m_IsPrefabParent: 0
--- !u!1001 &1871527721
Prefab:
  m_ObjectHideFlags: 0
  serializedVersion: 2
  m_Modification:
    m_TransformParent: {fileID: 1958564778}
    m_Modifications:
    - target: {fileID: 4031281705512948, guid: c49ad94e8d5869048b88ac36eeac78e9, type: 2}
      propertyPath: m_LocalPosition.x
      value: 615
      objectReference: {fileID: 0}
    - target: {fileID: 4031281705512948, guid: c49ad94e8d5869048b88ac36eeac78e9, type: 2}
      propertyPath: m_LocalPosition.y
      value: -27.5
      objectReference: {fileID: 0}
    - target: {fileID: 4031281705512948, guid: c49ad94e8d5869048b88ac36eeac78e9, type: 2}
      propertyPath: m_LocalPosition.z
      value: 0
      objectReference: {fileID: 0}
    - target: {fileID: 4031281705512948, guid: c49ad94e8d5869048b88ac36eeac78e9, type: 2}
      propertyPath: m_LocalRotation.x
      value: 0
      objectReference: {fileID: 0}
    - target: {fileID: 4031281705512948, guid: c49ad94e8d5869048b88ac36eeac78e9, type: 2}
      propertyPath: m_LocalRotation.y
      value: 0
      objectReference: {fileID: 0}
    - target: {fileID: 4031281705512948, guid: c49ad94e8d5869048b88ac36eeac78e9, type: 2}
      propertyPath: m_LocalRotation.z
      value: 0
      objectReference: {fileID: 0}
    - target: {fileID: 4031281705512948, guid: c49ad94e8d5869048b88ac36eeac78e9, type: 2}
      propertyPath: m_LocalRotation.w
      value: 1
      objectReference: {fileID: 0}
    - target: {fileID: 4031281705512948, guid: c49ad94e8d5869048b88ac36eeac78e9, type: 2}
      propertyPath: m_RootOrder
      value: 2
      objectReference: {fileID: 0}
    m_RemovedComponents: []
  m_ParentPrefab: {fileID: 100100000, guid: c49ad94e8d5869048b88ac36eeac78e9, type: 2}
  m_IsPrefabParent: 0
--- !u!1001 &1893471069
Prefab:
  m_ObjectHideFlags: 0
  serializedVersion: 2
  m_Modification:
    m_TransformParent: {fileID: 736263591}
    m_Modifications:
    - target: {fileID: 4031281705512948, guid: c49ad94e8d5869048b88ac36eeac78e9, type: 2}
      propertyPath: m_LocalPosition.x
      value: 615
      objectReference: {fileID: 0}
    - target: {fileID: 4031281705512948, guid: c49ad94e8d5869048b88ac36eeac78e9, type: 2}
      propertyPath: m_LocalPosition.y
      value: -27.5
      objectReference: {fileID: 0}
    - target: {fileID: 4031281705512948, guid: c49ad94e8d5869048b88ac36eeac78e9, type: 2}
      propertyPath: m_LocalPosition.z
      value: 0
      objectReference: {fileID: 0}
    - target: {fileID: 4031281705512948, guid: c49ad94e8d5869048b88ac36eeac78e9, type: 2}
      propertyPath: m_LocalRotation.x
      value: 0
      objectReference: {fileID: 0}
    - target: {fileID: 4031281705512948, guid: c49ad94e8d5869048b88ac36eeac78e9, type: 2}
      propertyPath: m_LocalRotation.y
      value: 0
      objectReference: {fileID: 0}
    - target: {fileID: 4031281705512948, guid: c49ad94e8d5869048b88ac36eeac78e9, type: 2}
      propertyPath: m_LocalRotation.z
      value: 0
      objectReference: {fileID: 0}
    - target: {fileID: 4031281705512948, guid: c49ad94e8d5869048b88ac36eeac78e9, type: 2}
      propertyPath: m_LocalRotation.w
      value: 1
      objectReference: {fileID: 0}
    - target: {fileID: 4031281705512948, guid: c49ad94e8d5869048b88ac36eeac78e9, type: 2}
      propertyPath: m_RootOrder
      value: 2
      objectReference: {fileID: 0}
    m_RemovedComponents: []
  m_ParentPrefab: {fileID: 100100000, guid: c49ad94e8d5869048b88ac36eeac78e9, type: 2}
  m_IsPrefabParent: 0
--- !u!1001 &1894561720
Prefab:
  m_ObjectHideFlags: 0
  serializedVersion: 2
  m_Modification:
    m_TransformParent: {fileID: 1327249071}
    m_Modifications:
    - target: {fileID: 4993913389940390, guid: 599f20de6df5d8e4a83debe32a623666, type: 2}
      propertyPath: m_LocalPosition.x
      value: 88
      objectReference: {fileID: 0}
    - target: {fileID: 4993913389940390, guid: 599f20de6df5d8e4a83debe32a623666, type: 2}
      propertyPath: m_LocalPosition.y
      value: -26
      objectReference: {fileID: 0}
    - target: {fileID: 4993913389940390, guid: 599f20de6df5d8e4a83debe32a623666, type: 2}
      propertyPath: m_LocalPosition.z
      value: 0
      objectReference: {fileID: 0}
    - target: {fileID: 4993913389940390, guid: 599f20de6df5d8e4a83debe32a623666, type: 2}
      propertyPath: m_LocalRotation.x
      value: 0
      objectReference: {fileID: 0}
    - target: {fileID: 4993913389940390, guid: 599f20de6df5d8e4a83debe32a623666, type: 2}
      propertyPath: m_LocalRotation.y
      value: 0
      objectReference: {fileID: 0}
    - target: {fileID: 4993913389940390, guid: 599f20de6df5d8e4a83debe32a623666, type: 2}
      propertyPath: m_LocalRotation.z
      value: 0
      objectReference: {fileID: 0}
    - target: {fileID: 4993913389940390, guid: 599f20de6df5d8e4a83debe32a623666, type: 2}
      propertyPath: m_LocalRotation.w
      value: 1
      objectReference: {fileID: 0}
    - target: {fileID: 4993913389940390, guid: 599f20de6df5d8e4a83debe32a623666, type: 2}
      propertyPath: m_RootOrder
      value: 1
      objectReference: {fileID: 0}
    - target: {fileID: 4993913389940390, guid: 599f20de6df5d8e4a83debe32a623666, type: 2}
      propertyPath: m_LocalScale.x
      value: 176
      objectReference: {fileID: 0}
    - target: {fileID: 4993913389940390, guid: 599f20de6df5d8e4a83debe32a623666, type: 2}
      propertyPath: m_LocalScale.y
      value: 52
      objectReference: {fileID: 0}
    - target: {fileID: 4993913389940390, guid: 599f20de6df5d8e4a83debe32a623666, type: 2}
      propertyPath: m_LocalScale.z
      value: 5
      objectReference: {fileID: 0}
    m_RemovedComponents: []
  m_ParentPrefab: {fileID: 100100000, guid: 599f20de6df5d8e4a83debe32a623666, type: 2}
  m_IsPrefabParent: 0
--- !u!224 &1934840611 stripped
RectTransform:
  m_PrefabParentObject: {fileID: 22491464, guid: c0978251ff7b10d4fb954a4b56acd9f0,
    type: 2}
  m_PrefabInternal: {fileID: 1060154876}
--- !u!224 &1958564778 stripped
RectTransform:
  m_PrefabParentObject: {fileID: 22468472, guid: c0978251ff7b10d4fb954a4b56acd9f0,
    type: 2}
  m_PrefabInternal: {fileID: 1060154876}
--- !u!1001 &2059033537
Prefab:
  m_ObjectHideFlags: 0
  serializedVersion: 2
  m_Modification:
    m_TransformParent: {fileID: 1060154879}
    m_Modifications:
    - target: {fileID: 4993913389940390, guid: 599f20de6df5d8e4a83debe32a623666, type: 2}
      propertyPath: m_LocalPosition.x
      value: 88
      objectReference: {fileID: 0}
    - target: {fileID: 4993913389940390, guid: 599f20de6df5d8e4a83debe32a623666, type: 2}
      propertyPath: m_LocalPosition.y
      value: -26
      objectReference: {fileID: 0}
    - target: {fileID: 4993913389940390, guid: 599f20de6df5d8e4a83debe32a623666, type: 2}
      propertyPath: m_LocalPosition.z
      value: 0
      objectReference: {fileID: 0}
    - target: {fileID: 4993913389940390, guid: 599f20de6df5d8e4a83debe32a623666, type: 2}
      propertyPath: m_LocalRotation.x
      value: -0
      objectReference: {fileID: 0}
    - target: {fileID: 4993913389940390, guid: 599f20de6df5d8e4a83debe32a623666, type: 2}
      propertyPath: m_LocalRotation.y
      value: -0
      objectReference: {fileID: 0}
    - target: {fileID: 4993913389940390, guid: 599f20de6df5d8e4a83debe32a623666, type: 2}
      propertyPath: m_LocalRotation.z
      value: -0
      objectReference: {fileID: 0}
    - target: {fileID: 4993913389940390, guid: 599f20de6df5d8e4a83debe32a623666, type: 2}
      propertyPath: m_LocalRotation.w
      value: 1
      objectReference: {fileID: 0}
    - target: {fileID: 4993913389940390, guid: 599f20de6df5d8e4a83debe32a623666, type: 2}
      propertyPath: m_RootOrder
      value: 1
      objectReference: {fileID: 0}
    - target: {fileID: 4993913389940390, guid: 599f20de6df5d8e4a83debe32a623666, type: 2}
      propertyPath: m_LocalScale.x
      value: 176
      objectReference: {fileID: 0}
    - target: {fileID: 4993913389940390, guid: 599f20de6df5d8e4a83debe32a623666, type: 2}
      propertyPath: m_LocalScale.y
      value: 52
      objectReference: {fileID: 0}
    m_RemovedComponents: []
  m_ParentPrefab: {fileID: 100100000, guid: 599f20de6df5d8e4a83debe32a623666, type: 2}
  m_IsPrefabParent: 0
--- !u!1001 &2127303884
Prefab:
  m_ObjectHideFlags: 0
  serializedVersion: 2
  m_Modification:
    m_TransformParent: {fileID: 1060154882}
    m_Modifications:
    - target: {fileID: 4993913389940390, guid: 599f20de6df5d8e4a83debe32a623666, type: 2}
      propertyPath: m_LocalPosition.x
      value: 144
      objectReference: {fileID: 0}
    - target: {fileID: 4993913389940390, guid: 599f20de6df5d8e4a83debe32a623666, type: 2}
      propertyPath: m_LocalPosition.y
      value: -40
      objectReference: {fileID: 0}
    - target: {fileID: 4993913389940390, guid: 599f20de6df5d8e4a83debe32a623666, type: 2}
      propertyPath: m_LocalPosition.z
      value: 0
      objectReference: {fileID: 0}
    - target: {fileID: 4993913389940390, guid: 599f20de6df5d8e4a83debe32a623666, type: 2}
      propertyPath: m_LocalRotation.x
      value: 0
      objectReference: {fileID: 0}
    - target: {fileID: 4993913389940390, guid: 599f20de6df5d8e4a83debe32a623666, type: 2}
      propertyPath: m_LocalRotation.y
      value: 0
      objectReference: {fileID: 0}
    - target: {fileID: 4993913389940390, guid: 599f20de6df5d8e4a83debe32a623666, type: 2}
      propertyPath: m_LocalRotation.z
      value: 0
      objectReference: {fileID: 0}
    - target: {fileID: 4993913389940390, guid: 599f20de6df5d8e4a83debe32a623666, type: 2}
      propertyPath: m_LocalRotation.w
      value: 1
      objectReference: {fileID: 0}
    - target: {fileID: 4993913389940390, guid: 599f20de6df5d8e4a83debe32a623666, type: 2}
      propertyPath: m_RootOrder
      value: 1
      objectReference: {fileID: 0}
    - target: {fileID: 4993913389940390, guid: 599f20de6df5d8e4a83debe32a623666, type: 2}
      propertyPath: m_LocalScale.z
      value: 5
      objectReference: {fileID: 0}
    - target: {fileID: 4993913389940390, guid: 599f20de6df5d8e4a83debe32a623666, type: 2}
      propertyPath: m_LocalScale.x
      value: 288
      objectReference: {fileID: 0}
    - target: {fileID: 4993913389940390, guid: 599f20de6df5d8e4a83debe32a623666, type: 2}
      propertyPath: m_LocalScale.y
      value: 80
      objectReference: {fileID: 0}
    m_RemovedComponents: []
  m_ParentPrefab: {fileID: 100100000, guid: 599f20de6df5d8e4a83debe32a623666, type: 2}
  m_IsPrefabParent: 0
